@book{carmen,
  author       = {Carmen {G{\'o}mez } Laveaga},
  title        = {Álgebra Superior: Curso completo},
  series       = {Programa Universitario del Libro de Texto},
  publisher    = {Facultad de Ciencias, Universidad Nacional Autónoma de México},
  address      = {Ciudad de México, México},
  year         = {2014},
  edition      = {Primera edición},
  isbn         = {978-607-02-6164-0},
  isbn13       = {9786070261640},
  pages        = {~648},
  note         = {Primera reimpresión: julio de 2015},
  language     = {spanish}
}
